2070 3630
143 114 250 181 rnen
269 112 387 170 vinos
404 106 656 186 urrrnaros
672 61 898 189 strennum.
929 115 973 191 3¹

67 208 231 301 bentes,
256 208 480 285 frustumne
508 208 684 309 aliquem
709 230 755 283 ac
778 192 971 287 vlum'ert

67 302 268 411 eiusmodi
280 300 495 409 colloquiis
506 304 951 409 perceperintmecne*

67 414 91 459 *
118 408 738 487 Inhorumnumerosunturutvs
763 434 975 485 rouruve

121 538 148 585 ri
159 536 179 585 r
190 535 303 602 esus,
329 516 387 609 qui
402 510 586 611 Erphordia
602 514 783 583 Louanum
799 506 973 609 profe'dus

120 614 186 699 est,
217 614 972 687 rrasuvunorrnoonirvravidendi

118 711 237 805 causa,
262 732 299 785 vt
318 709 386 813 ipse
402 709 501 785 refert
525 736 679 785 erasm
689 738 735 785 vs
749 714 971 811 Epistularum

118 817 191 889 Lib.
209 824 271 891 IV.
288 816 389 909 Epist.
407 823 468 886 IV.
492 823 532 887 A.
556 831 636 903 1518.
654 814 798 913 scriptu
825 820 974 915 itemque

119 938 384 1007 onotrnnvs
404 914 563 1011 quidam,
592 920 651 1011 qui
674 932 972 987 autoreriinio

117 1018 193 1089 Lib.
212 1024 261 1088 11.
290 1018 390 1111 Epist.
411 1024 474 1086 ΙΙΙ.
543 1038 645 1086 τιτι
678 1038 800 1087 trvir
826 1022 973 1089 nomine

118 1116 293 1214 gloriaque
310 1136 526 1204 commotus,
555 1115 598 1185 ad
629 1116 806 1187 visendum
829 1140 909 1189 eum
926 1115 971 1191 ab

117 1216 240 1287 vltimo
260 1237 419 1289 terrarum
437 1216 517 1287 orbe
533 1202 679 1301 venisse,
707 1216 904 1315 statimque,
930 1212 972 1289 v't

119 1318 265 1410 viderat,
300 1312 413 1388 abiisse
447 1316 577 1403 dicitur.
655 1317 786 1389 Festiuis
816 1317 971 1392 moribus

119 1418 209 1490 hanc
227 1422 510 1516 peregrinantium
526 1416 701 1507 stultitiam
717 1424 864 1517 excepit,
889 1420 970 1492 inli-

117 1520 258 1616 mulque
278 1514 491 1590 deridendam
518 1518 609 1590 dedit
641 1543 872 1593 uunnrcvs
898 1542 970 1592 uo·-

118 1644 249 1693 itirvs
284 1644 571 1693 durnerunt.
673 1624 742 1693 Hic
769 1645 847 1691 rum
873 1621 968 1693 audi-

116 1740 187 1805 ret,
205 1718 337 1793 nobiles
354 1721 517 1819 quosdam
534 1744 573 1791 ex
588 1721 684 1793 Italia
701 1720 810 1821 ipsum
829 1722 967 1795 videndi

120 1820 217 1892 causa
237 1817 380 1912 venisse,
407 1818 512 1907 insit,
540 1840 577 1893 vt
594 1846 661 1893 cras
679 1823 832 1901 redirent.
892 1827 964 1913 Qri

119 1946 198 1993 eum
216 1922 332 1994 reuersi
349 1918 468 2007 essent,
490 1946 605 1995 eurr
618 1946 762 1997 riuus
785 1922 897 1996 laurea
914 1929 967 1994 in·

117 2022 216 2094 dutus
236 2027 271 2095 &
289 2048 387 2095 aurea
405 2042 523 2121 torque
560 2046 716 2109 ornatus,
745 2022 903 2097 concesfit
927 2029 968 2094 in

116 2124 282 2195 conclaue
310 2123 480 2222 quoddam
499 2124 632 2221 elegans
650 2129 685 2198 dc
707 2125 879 2223 amplum,
908 2124 966 2197 vbi

116 2222 150 2295 se
167 2230 204 2296 in
222 2224 448 2319 hemicyclum
465 2231 645 2323 recipiens,
660 2224 814 2297 iuslit'eos
822 2224 965 2323 ingredi·

115 2322 260 2397 Nobiles
295 2326 517 2420 ingredientes
559 2350 846 2399 enatarunt
880 2326 967 2397 salu-

114 2424 254 2510 tabant,
283 2448 358 2497 tum
373 2426 431 2523 ille
461 2424 593 2498 sedebat
616 2432 801 2517 immotus,
828 2424 966 2524 perinde

114 2528 205 2623 quasi
224 2528 301 2598 illos
319 2551 392 2598 non
410 2528 556 2616 videret,
581 2551 665 2626 quos
689 2534 791 2599 etiam
809 2534 856 2599 ita
874 2526 966 2600 abite

113 2626 310 2726 patiebatur.
361 2632 441 2699 Hoc
460 2652 537 2699 cum
545 2630 622 2700 Itali
631 2634 844 2717 mirarentur,
860 2630 967 2701 hane-

116 2754 182 2825 que
204 2730 490 2800 inhumanitatem
517 2755 575 2827 per
602 2736 769 2802 nuncium
795 2731 985 2827 quendam¹

115 2829 964 2929 uinitunnoexprobrarentzcurillisinhumanus

114 2930 246 3015 videar,
266 2957 345 3001 cum
354 2930 465 3003 solum
474 2935 517 3005 ad
526 2957 581 3003 ine
591 2932 775 3019 videndum
791 2938 965 3006 venerint?

114 3028 964 3126 respondit.Vidviucnnnrannvicruvit

116 3130 156 3199 de
167 3134 394 3226 Singularibus
403 3137 508 3207 Erud.
524 3146 657 3207 centur.
670 3144 717 3210 11.
726 3159 814 3204 num.
824 3143 863 3206 L.
867 3156 905 3234 p.
916 3149 964 3217 81.

117 3326 202 3445 Qi
224 3328 298 3407 iter
326 3328 556 3413 litterarium
581 3328 816 3437 suscipient.
837 3324 1019 3493 (de&
