2070 3630
121 80 174 151 118
316 86 396 141 cte.
421 84 477 155 ιη,
496 82 555 137 or
574 57 760 139 'nrutnns

167 200 306 287 bergeust.
349 203 512 264 Praetereo
536 196 729 284 dollifflmum
746 197 972 280 Metilium,

170 290 226 377 qui
240 288 428 373 Aeluerseria
436 289 499 370 fiee
519 290 682 370 corupofieie
703 286 895 356 Bibliotheca
916 288 973 353 Li-

163 377 407 465 pfieustadiutus.
429 374 761 527 Reliupquuluielem
769 376 972 456 Naudaeueu,

170 467 227 553 qui
241 462 432 531 Bibliotheca
451 468 512 531 Car
533 463 625 530 iuelie
640 466 823 547 Maeotine',
844 464 975 531 Metla-

174 576 229 620 um
246 553 437 641 Rigaltium,
458 553 515 637 qui
528 554 709 639 Paristaua,
719 550 899 639 Menestam,
915 550 975 639 qui
1027 580 1029 585 ’

166 642 327 729 ¹Leieleust,
346 639 553 729 Morbofium,
569 641 625 725 qui
633 642 796 727 praecipue
819 640 916 707 Gudii
934 662 974 706 ae

178 728 395 815 Goteorpierfi,
422 728 643 810 Lamleciuru,
665 731 722 816 qui
754 728 978 817 Vinoloboueufi

175 816 374 885 Bibliotheeie
388 817 531 903 ostsuut,
550 814 722 903 harumque
731 816 975 904 opetotilustria

176 908 324 993 cedroque
345 906 437 994 digna
460 924 656 972 monumenta
669 924 834 991 perpetuae
847 904 976 993 posteri-

176 997 238 1065 tati
250 996 409 1083 reliquere.
435 993 578 1083 Agnosce
594 995 865 1061 verberonem.
887 1014 975 1061 uru-

177 1106 310 1152 scnrnu
326 1086 359 1149 in
368 1087 504 1168 praefiet.
528 1084 573 1149 ael
594 1104 651 1147 rn.
671 1103 880 1149 nnnrnomur
900 1084 974 1164 Dis-

168 1178 246 1257 fi‘rt.
252 1174 289 1237 de
297 1172 385 1239 libuit
393 1172 520 1259 legendis
528 1182 563 1251 ς.
573 1176 673 1237 XIII.
693 1174 804 1257 Inquo
813 1168 870 1257 ipsi
885 1192 975 1237 aece-

126 1270 129 1275 '
178 1260 225 1329 dit
239 1264 329 1327 'utin
342 1281 463 1327 otono.
475 1280 685 1338 noueremus,
707 1264 761 1346 qui
776 1262 812 1327 in
829 1256 995 1348 Polyhijl„

127 1356 130 1363 '
177 1352 272 1417 litter.
289 1346 404 1414 rior.
425 1352 496 1433 Cap.
514 1354 561 1413 II.
576 1357 612 1427 5.
631 1370 686 1431 24.
706 1367 742 1433 p.
768 1371 810 1433 ep.
836 1350 874 1419 tt
900 1352 976 1435 Cap.

179 1444 245 1505 III.
259 1448 294 1517 5.
311 1450 362 1513 28.
377 1460 424 1524 ²9·
436 1454 470 1521 p.
486 1436 536 1501 eo'.
545 1438 594 1521 sq.
611 1434 697 1503 idem
706 1434 744 1502 de
764 1456 977 1517 Animorum,

126 1516 135 1531 ’
178 1546 372 1605 smuoum,
393 1544 554 1591 sununsro
576 1524 678 1589 censet
699 1528 732 1592 &
752 1525 954 1610 comprobat.

134 1620 191 1663 ***
212 1617 256 1682 Vt
284 1616 371 1680 enim
400 1613 588 1679 commercia
616 1612 840 1693 litteraria‚‚vt
864 1634 976 1701 opum,
1009 1670 1013 1677 .

178 1725 257 1791 quas
273 1725 311 1769 ex
327 1703 465 1769 fontibus
479 1701 610 1768 librariis
619 1702 731 1786 aliquis
739 1702 820 1767 colle
843 1704 878 1783 it,
887 1723 977 1769 com-

136 1818 140 1823 ’
177 1795 369 1859 munionem
394 1793 476 1857 inter
502 1788 617 1858 dolios
642 1793 726 1855 viros
752 1722 842 1857 honi
866 1787 979 1857 insoli-

176 1898 254 1960 tam,
264 1896 404 1957 taceam,
419 1880 501 1945 circa
515 1878 578 1963 ipsa
594 1876 817 2031 componenda
832 1880 979 1945 emitten-

177 1967 280 2055 daqne
294 1968 415 2053 ingenii
431 1983 639 2033 monumenta
676 1965 765 2031 otius
783 1964 870 2033 dolii
889 1970 980 2034 auxi·

176 2057 275 2135 lium,
291 2076 352 2121 nec
375 2052 484 2121 frustra
510 2054 712 2139 plerumque,
733 2055 904 2141 implorate
930 2056 996 2129 so·,

174 2144 229 2211 let.
253 2142 350 2210 Conf.
370 2162 654 2209 rn.·rnnruonm1
674 2142 795 2231 Diffi’rt.
812 2149 861 2209 II.
878 2142 929 2211 ele.
941 2145 981 2211 li·

142 2244 146 2249 '
175 2230 239 2298 brie
255 2232 384 2319 legendis
394 2242 430 2318 p.
446 2252 506 2317 54.
528 2252 607 2297 nou.
627 2226 702 2297 edit.

182 2416 360 2520 Inprimis
376 2318 644 2519 praeiludendi
660 2414 745 2494 sunt
767 2415 913 2507 fontes,
940 2413 999 2493 δε·

133 2514 259 2595 causae
277 2516 545 2621 superstitionis
560 2516 756 2595 litterariae
776 2512 978 2601 tollendae.

131 2616 339 2696 Attulimus
365 2617 472 2730 supra
498 2616 597 2694 inter
609 2642 668 2694 eas
692 2638 847 2695 aetatem
854 2666 867 2705 ,
901 2636 978 2791 gua

133 2716 264 2817 aliquis
282 2718 426 2793 iuuenis
452 2716 575 2793 adhuc
596 2717 638 2795 in
662 2717 810 2796 soenam
832 2738 904 2819 pro
934 2716 978 2807 it,

131 2814 465 2917 mirandorumque
481 2842 506 2892 ο
536 2841 640 2895 erum
657 2840 764 2895 autor
778 2816 841 2892 est.
875 2814 978 2891 Heio

71 2944 73 2949 ·
112 2915 226 2995 'vero
238 2914 466 3019 perpendas:
523 2916 686 2994 iustnodi
704 2916 879 2995 homines
886 2938 977 3017 prae

134 3016 213 3093 ‘aliis
241 3014 356 3117 sagaci
380 3013 535 3119 ingenio
559 3016 749 3094 &indole
777 3014 978 3117 praestanti
1024 3083 1029 3093 .

133 3112 219 3194 sunt
234 3114 412 3218 praediti,
438 3116 498 3194 c'ui
515 3116 623 3195 citius
643 3117 766 3209 deest,
791 3113 898 3216 quod
917 3115 977 3191 di-

132 3214 228 3309 scet,
255 3240 368 3317 quam
399 3215 506 3319 quod
535 3241 668 3321 capere
701 3237 880 3319 nequeatt
904 3214 978 3293 hu-

115 3312 183 3393 r'us
199 3341 291 3397 uero
304 3315 426 3423 gloria
443 3342 528 3399 non
543 3340 660 3425 penes
677 3314 796 3423 ipsos,
813 3312 889 3409 sed,
907 3313 977 3416 qui

459 3424 464 3437 '
582 3462 601 3479 -·
893 3436 983 3491 enm

17 3452 26 3574 l
