2070 3630
10 40 133 111 mua·
293 50 296 59 ’
782 44 785 51 ’

10 98 91 149 “’ῑ’“
171 120 758 209 amusnnouisumuaman,
757 110 794 183 '‚;.
857 128 907 204 79

10 246 12 255 '
57 264 157 335 mur,
167 238 367 318 discrimen
382 234 487 329 iliud,
495 234 716 347 quodainter
731 234 907 329 causas&
987 268 991 273 ’

57 337 275 423 occafiones
299 337 532 415 constituunt
556 335 636 429 alii,
653 335 749 415 nihil
772 361 906 414 curan·
956 426 960 437 Ι
989 376 992 387 ,

57 452 126 528 'toa
171 454 173 465 '
201 439 273 517 His
304 436 539 521 subiiciemus
565 433 712 513 effeuus
737 436 908 516 erudit'ae

58 536 350 646 superstitionis,
375 559 422 620 vt
440 534 600 613 foeditas
622 534 733 613 huius
759 537 844 614 vitii
868 535 908 616 δι

60 664 164 720 noxa
179 637 354 716 omnibus
368 634 494 714 lucide
511 661 557 740 ap
586 657 692 715 areat.
742 636 791 713 In
800 659 906 716 vtro-
988 671 993 686 ·

57 752 135 844 que
157 734 381 840 'argumento
405 732 456 813 i'ta
470 761 518 813 ve
552 735 715 828 abimur,
731 759 775 815 vt
789 735 833 833 in
848 737 908 817 su·

58 836 329 947 perstitionenr
345 861 428 938 erga
448 834 636 919 =litteratos
662 835 765 913 viros
789 834 907 916 solam

58 937 309 1041 oogitationes
335 937 477 1013 nostras
502 934 681 1037 deinceps
707 959 908 1015 conuerta-

60 1042 165 1130 mus,‘
176 1062 264 1114 cum
280 1036 422 1114 erudita
439 1033 601 1112 cuiusuis
619 1035 764 1137 generis
781 1034 822 1113 su
871 1060 909 1113 r·
950 1046 952 1051 ’
984 1078 989 1105 2

42 1162 45 1167 ’
61 1137 165 1216 stitio
183 1135 275 1213 inde
291 1136 477 1239 originem
489 1135 621 1226 trahat,
636 1133 674 1211 ἃ
689 1161 738 1210 eo
751 1159 817 1212 tan
845 1160 909 1218 em

62 1235 203 1329 redeat,
212 1235 314 1313 vnde
328 1237 406 1314 hoc
420 1234 528 1313 fonte
542 1233 615 1312 aite
630 1232 835 1338 perspedio,
845 1261 908 1314 ce-

65 1359 144 1417 tera
161 1330 268 1413 facile
287 1332 483 1412 diiudicari
500 1337 691 1439 pooeruntss
739 1335 806 1413 Ad
822 1361 910 1416 cau-

39 1435 117 1516 xsas
138 1435 252 1539 igitur
273 1434 506 1513 idololatriae
527 1433 707 1512 literariae
733 1435 840 1536 quod
855 1447 909 1517 at'-
954 1464 959 1469 ·

62 1536 180 1628 tinet,
205 1533 345 1712 duglex
359 1533 505 1611 illarum
521 1558 637 1635 genus
651 1530 911 1625 obseruamusa

45 1632 252 1715 alterumi
281 1632 465 1726 ololatris‚
488 1633 644 1711 alterum
656 1631 768 1710 idolis
783 1634 911 1713 erudi·

63 1736 112 1816 tis
129 1733 374 1813 tribuendum
390 1735 454 1811 est.
528 1735 634 1842 Qne
652 1731 824 1813 virorum
838 1734 922 1814 do-.

62 1833 212 1936 &orum
244 1834 353 1938 culpa
382 1833 616 1939 proueniunt
638 1830 911 1938 superstitionis
967 1914 970 1923 ,

59 1933 262 2015 litterariae
288 1933 434 2028 causae,
466 1932 677 2013 foecundae
703 1932 911 2017 admodum

65 2033 152 2114 sunt
168 2035 206 2112 ἂ
217 2034 405 2138 copiosae,
424 2035 516 2117 hinc
532 2034 700 2143 primum
711 2034 765 2115 eis
780 2034 910 2122 locum
1014 2107 1020 2130 ,

66 2133 153 2216 heic
171 2134 350 2214 dabimus.
778 2146 781 2151 '
891 2190 894 2203 .

427 2312 462 2416 §-
510 2257 565 2390 11..¹

115 2428 236 2511 Simul
259 2447 305 2512 ac¹
326 2426 451 2515 virum
475 2460 535 2513 ma
575 2424 599 2461 “⁸
626 2426 794 2517 nominis
818 2433 912 2527 &e-

67 2534 215 2636 gregiae
245 2534 467 2614 eruditionis
499 2562 518 2613 a
560 2537 740 2642 pivimus,
766 2536 913 2635 adsunt,

65 2656 164 2735 quae
188 2631 236 2711 ad
251 2634 461 2737 pei-uersam
480 2638 564 2715 eius
576 2638 860 2719 venerationem
875 2666 928 2719 a*

68 2732 221 2811 nimum
230 2734 608 2827 nostrumsollicitare
625 2737 784 2842 possunt.
804 2741 924 2821 Com

67 2828 234 2940 spicuam
267 2835 391 2914 vultus
429 2861 517 2914 com
545 2837 743 2920 osationem
775 2839 913 2936 innuo,
1021 2840 1027 2858 ¹

67 2938 164 3109 guae
182 2950 266 3012 non
280 2934 349 3013 nifi
362 2952 496 3038 magna
562 2937 686 3017 seuera
701 2938 836 3017 minari
853 2940 914 3018 vi·
931 3026 933 3033 ,

97 3055 201 3128 etur,
218 3035 380 3139 amplam
400 3036 438 3113 &
462 3038 649 3140 prolixam
667 3040 838 3136 batham,
852 3038 913 3118 in-

66 3129 204 3211 cenum
251 3149 380 3219 rauem
400 3136 644 3242 habitumque
669 3138 717 3217 ad
735 3138 914 3221 decorem
990 3226 994 3230 ,
1030 3152 1032 3157 ’

69 3159 334 3353 compedum
380 3240 498 3355 Qae
513 3263 572 3352 aea
593 3260 770 3359 quanam
786 3239 945 3356 homi?¹
987 3316 1001 3333 .·
