<?xml version="1.0" encoding="UTF-8"?>
<!DOCTYPE html PUBLIC "-//W3C//DTD XHTML 1.0 Transitional//EN"
    "http://www.w3.org/TR/xhtml1/DTD/xhtml1-transitional.dtd">
<html xmlns="http://www.w3.org/1999/xhtml" xml:lang="en" lang="en">
 <head>
  <title>
</title>
<meta http-equiv="Content-Type" content="text/html;charset=utf-8" />
  <meta name='ocr-system' content='tesseract 3.04.00' />
  <meta name='ocr-capabilities' content='ocr_page ocr_carea ocr_par ocr_line ocrx_word'/>
</head>
<body>
  <div class='ocr_page' id='page_1' title='image "./gratianiaschpan00koecgoog_0138.png"; bbox 0 0 2070 3630; ppageno 0'>
   <div class='ocr_carea' id='block_1_1' title="bbox 204 93 912 227">
    <p class='ocr_par' dir='ltr' id='par_1_1' title="bbox 204 93 912 227">
     <span class='ocr_line' id='line_1_1' title="bbox 204 93 912 227; baseline -0.028 -35"><span class='ocrx_word' id='word_1_1' title='bbox 204 99 514 192; x_wconf 74' lang='lat' dir='ltr'><em>sunonrnnoms&#39;</em></span> <span class='ocrx_word' id='word_1_2' title='bbox 529 93 912 227; x_wconf 40' lang='lat' dir='ltr'><em>urrunnu-...133-</em></span> 
     </span>
    </p>
   </div>
   <div class='ocr_carea' id='block_1_2' title="bbox 45 242 914 2281">
    <p class='ocr_par' dir='ltr' id='par_1_2' title="bbox 45 242 902 959">
     <span class='ocr_line' id='line_1_2' title="bbox 45 242 894 343; baseline -0.029 -16"><span class='ocrx_word' id='word_1_3' title='bbox 45 271 99 315; x_wconf 66' lang='grc' dir='ltr'><em>*Ρ*</em></span> <span class='ocrx_word' id='word_1_4' title='bbox 119 256 272 343; x_wconf 79' lang='lat' dir='ltr'>Apprime</span> <span class='ocrx_word' id='word_1_5' title='bbox 284 249 347 317; x_wconf 88' lang='lat' dir='ltr'><em>huc</em></span> <span class='ocrx_word' id='word_1_6' title='bbox 367 242 540 335; x_wconf 78' lang='lat' dir='ltr'>quadrant,</span> <span class='ocrx_word' id='word_1_7' title='bbox 560 261 644 327; x_wconf 85' lang='lat' dir='ltr'><em>quae</em></span> <span class='ocrx_word' id='word_1_8' title='bbox 664 258 722 339; x_wconf 72' lang='lat' dir='ltr'><em>ru.</em></span> <span class='ocrx_word' id='word_1_9' title='bbox 743 256 894 339; x_wconf 64' lang='lat' dir='ltr'><em>rennue-</em></span> 
     </span>
     <span class='ocr_line' id='line_1_3' title="bbox 84 324 896 423; baseline -0.025 -14"><span class='ocrx_word' id='word_1_10' title='bbox 84 364 190 423; x_wconf 49' lang='lat' dir='ltr'><em>,umus</em></span> <span class='ocrx_word' id='word_1_11' title='bbox 211 340 371 407; x_wconf 73' lang='lat' dir='ltr'><em>obseruate</em></span> <span class='ocrx_word' id='word_1_12' title='bbox 386 332 557 401; x_wconf 76' lang='lat' dir='ltr'><em>notandam</em></span> <span class='ocrx_word' id='word_1_13' title='bbox 570 346 674 397; x_wconf 86' lang='lat' dir='ltr'><em>tamen</em></span> <span class='ocrx_word' id='word_1_14' title='bbox 690 324 789 394; x_wconf 75' lang='lat' dir='ltr'><em>rabac</em></span> <span class='ocrx_word' id='word_1_15' title='bbox 800 326 896 393; x_wconf 80' lang='lat' dir='ltr'><em>libro·</em></span> 
     </span>
     <span class='ocr_line' id='line_1_4' title="bbox 93 409 897 514; baseline -0.027 -13"><span class='ocrx_word' id='word_1_16' title='bbox 93 454 169 500; x_wconf 84' lang='lat' dir='ltr'><em>rum</em></span> <span class='ocrx_word' id='word_1_17' title='bbox 166 428 334 514; x_wconf 80' lang='lat' dir='ltr'><em>fertilitate</em></span> <span class='ocrx_word' id='word_1_18' title='bbox 349 446 387 489; x_wconf 91' lang='lat' dir='ltr'><em>ex</em></span> <span class='ocrx_word' id='word_1_19' title='bbox 404 409 645 507; x_wconf 69' lang='lat' dir='ltr'><em>vnopleiumque</em></span> <span class='ocrx_word' id='word_1_20' title='bbox 657 416 794 482; x_wconf 77' lang='lat' dir='ltr'><em>alteram</em></span> <span class='ocrx_word' id='word_1_21' title='bbox 810 414 897 481; x_wconf 80' lang='lat' dir='ltr'><em>labo-</em></span> 
     </span>
     <span class='ocr_line' id='line_1_5' title="bbox 92 505 897 605; baseline -0.027 -17"><span class='ocrx_word' id='word_1_22' title='bbox 92 544 129 589; x_wconf 84' lang='lat' dir='ltr'><em>re</em></span> <span class='ocrx_word' id='word_1_23' title='bbox 136 519 277 605; x_wconf 80' lang='lat' dir='ltr'><em>palmam</em></span> <span class='ocrx_word' id='word_1_24' title='bbox 291 514 434 579; x_wconf 80' lang='lat' dir='ltr'><em>meritam</em></span> <span class='ocrx_word' id='word_1_25' title='bbox 448 508 579 577; x_wconf 68' lang='lat' dir='ltr'><em>Auctore</em></span> <span class='ocrx_word' id='word_1_26' title='bbox 590 505 762 593; x_wconf 77' lang='lat' dir='ltr'><em>efflorescere</em></span> <span class='ocrx_word' id='word_1_27' title='bbox 769 551 780 586; x_wconf 94' lang='lat'>‚</span> <span class='ocrx_word' id='word_1_28' title='bbox 795 518 834 568; x_wconf 85' lang='lat' dir='ltr'><em>ex</em></span> <span class='ocrx_word' id='word_1_29' title='bbox 848 525 897 567; x_wconf 82' lang='lat' dir='ltr'><em>re·</em></span> 
     </span>
     <span class='ocr_line' id='line_1_6' title="bbox 94 594 898 695; baseline -0.024 -21"><span class='ocrx_word' id='word_1_30' title='bbox 94 608 192 695; x_wconf 81' lang='lat' dir='ltr'><em>liquis</em></span> <span class='ocrx_word' id='word_1_31' title='bbox 205 604 382 691; x_wconf 79' lang='lat' dir='ltr'><em>diligentiae</em></span> <span class='ocrx_word' id='word_1_32' title='bbox 399 598 531 665; x_wconf 80' lang='lat' dir='ltr'><em>laudem.</em></span> <span class='ocrx_word' id='word_1_33' title='bbox 575 594 626 660; x_wconf 84' lang='lat' dir='ltr'><em>Sic</em></span> <span class='ocrx_word' id='word_1_34' title='bbox 639 594 719 659; x_wconf 84' lang='lat' dir='ltr'><em>inter</em></span> <span class='ocrx_word' id='word_1_35' title='bbox 735 594 898 658; x_wconf 79' lang='lat' dir='ltr'><em>innumera</em></span> 
     </span>
     <span class='ocr_line' id='line_1_7' title="bbox 96 680 899 782; baseline -0.022 -19"><span class='ocrx_word' id='word_1_36' title='bbox 96 702 135 763; x_wconf 87' lang='lat' dir='ltr'><em>B.</em></span> <span class='ocrx_word' id='word_1_37' title='bbox 150 693 313 782; x_wconf 82' lang='lat' dir='ltr'><em>Augustini</em></span> <span class='ocrx_word' id='word_1_38' title='bbox 328 707 418 773; x_wconf 83' lang='lat' dir='ltr'><em>opera</em></span> <span class='ocrx_word' id='word_1_39' title='bbox 433 686 523 752; x_wconf 83' lang='lat' dir='ltr'><em>Libri</em></span> <span class='ocrx_word' id='word_1_40' title='bbox 538 683 576 750; x_wconf 87' lang='lat' dir='ltr'><em>de</em></span> <span class='ocrx_word' id='word_1_41' title='bbox 587 684 724 749; x_wconf 77' lang='lat' dir='ltr'><em>Ciuitate</em></span> <span class='ocrx_word' id='word_1_42' title='bbox 738 680 800 748; x_wconf 89' lang='lat' dir='ltr'><em>Dei</em></span> <span class='ocrx_word' id='word_1_43' title='bbox 823 680 899 747; x_wconf 86' lang='lat' dir='ltr'><em>emi·</em></span> 
     </span>
     <span class='ocr_line' id='line_1_8' title="bbox 96 770 899 863; baseline -0.021 -11"><span class='ocrx_word' id='word_1_44' title='bbox 96 800 180 853; x_wconf 84' lang='lat' dir='ltr'><em>nent.</em></span> <span class='ocrx_word' id='word_1_45' title='bbox 224 777 340 863; x_wconf 72' lang='lat' dir='ltr'><em>Iofi’phi</em></span> <span class='ocrx_word' id='word_1_46' title='bbox 363 775 511 863; x_wconf 79' lang='lat' dir='ltr'><em>Scaligeri</em></span> <span class='ocrx_word' id='word_1_47' title='bbox 533 774 571 839; x_wconf 84' lang='lat' dir='ltr'><em>de</em></span> <span class='ocrx_word' id='word_1_48' title='bbox 593 770 802 838; x_wconf 83' lang='lat' dir='ltr'><em>emendatione</em></span> <span class='ocrx_word' id='word_1_49' title='bbox 821 785 899 836; x_wconf 85' lang='lat' dir='ltr'><em>tem·</em></span> 
     </span>
     <span class='ocr_line' id='line_1_9' title="bbox 90 858 902 959; baseline -0.018 -21"><span class='ocrx_word' id='word_1_50' title='bbox 90 890 226 959; x_wconf 80' lang='lat' dir='ltr'><em>porum,</em></span> <span class='ocrx_word' id='word_1_51' title='bbox 248 864 374 933; x_wconf 83' lang='lat' dir='ltr'><em>Petaaii</em></span> <span class='ocrx_word' id='word_1_52' title='bbox 388 863 605 931; x_wconf 86' lang='lat' dir='ltr'><em>Rationarium</em></span> <span class='ocrx_word' id='word_1_53' title='bbox 625 876 795 943; x_wconf 80' lang='lat' dir='ltr'><em>temporum</em></span> <span class='ocrx_word' id='word_1_54' title='bbox 803 902 815 941; x_wconf 89' lang='lat'>‚</span> <span class='ocrx_word' id='word_1_55' title='bbox 832 858 902 924; x_wconf 81' lang='lat' dir='ltr'><em>Sai-</em></span> 
     </span>
    </p>

    <p class='ocr_par' dir='ltr' id='par_1_3' title="bbox 55 949 905 1396">
     <span class='ocr_line' id='line_1_10' title="bbox 55 949 904 1045; baseline -0.02 -16"><span class='ocrx_word' id='word_1_56' title='bbox 55 1009 59 1017; x_wconf 85' lang='grc'><strong>-</strong></span> <span class='ocrx_word' id='word_1_57' title='bbox 96 958 184 1045; x_wconf 79' lang='lat' dir='ltr'><em>maſsi</em></span> <span class='ocrx_word' id='word_1_58' title='bbox 199 960 232 1022; x_wconf 86' lang='lat' dir='ltr'><em>in</em></span> <span class='ocrx_word' id='word_1_59' title='bbox 247 956 387 1023; x_wconf 69' lang='lat' dir='ltr'><em>Setinum</em></span> <span class='ocrx_word' id='word_1_60' title='bbox 399 950 631 1037; x_wconf 64' lang='lat' dir='ltr'><em>exercitationes</em></span> <span class='ocrx_word' id='word_1_61' title='bbox 639 949 821 1029; x_wconf 77' lang='lat' dir='ltr'><em>Plinianae,</em></span> <span class='ocrx_word' id='word_1_62' title='bbox 841 951 904 1013; x_wconf 84' lang='lat' dir='ltr'><em>Ca·</em></span> 
     </span>
     <span class='ocr_line' id='line_1_11' title="bbox 90 1033 903 1133; baseline -0.015 -19"><span class='ocrx_word' id='word_1_63' title='bbox 90 1046 227 1133; x_wconf 77' lang='lat' dir='ltr'><em>straboni</em></span> <span class='ocrx_word' id='word_1_64' title='bbox 254 1046 288 1111; x_wconf 85' lang='lat' dir='ltr'><em>in</em></span> <span class='ocrx_word' id='word_1_65' title='bbox 301 1043 475 1110; x_wconf 76' lang='lat' dir='ltr'><em>Beronium</em></span> <span class='ocrx_word' id='word_1_66' title='bbox 489 1036 719 1105; x_wconf 83' lang='lat' dir='ltr'><em>exercitationes</em></span> <span class='ocrx_word' id='word_1_67' title='bbox 744 1039 809 1109; x_wconf 66' lang='lat' dir='ltr'><em>&amp;a</em></span> <span class='ocrx_word' id='word_1_68' title='bbox 834 1033 903 1121; x_wconf 83' lang='lat' dir='ltr'><em>effe-</em></span> 
     </span>
     <span class='ocr_line' id='line_1_12' title="bbox 98 1124 904 1219; baseline -0.01 -18"><span class='ocrx_word' id='word_1_69' title='bbox 98 1135 213 1216; x_wconf 76' lang='lat' dir='ltr'><em>rimur,</em></span> <span class='ocrx_word' id='word_1_70' title='bbox 230 1130 341 1219; x_wconf 82' lang='lat' dir='ltr'><em>quibus</em></span> <span class='ocrx_word' id='word_1_71' title='bbox 355 1150 469 1218; x_wconf 83' lang='lat' dir='ltr'><em>magna</em></span> <span class='ocrx_word' id='word_1_72' title='bbox 480 1125 538 1215; x_wconf 77' lang='lat' dir='ltr'><em>ista</em></span> <span class='ocrx_word' id='word_1_73' title='bbox 548 1126 646 1207; x_wconf 74' lang='lat' dir='ltr'><em>seculi</em></span> <span class='ocrx_word' id='word_1_74' title='bbox 661 1126 781 1192; x_wconf 80' lang='lat' dir='ltr'><em>lumine</em></span> <span class='ocrx_word' id='word_1_75' title='bbox 805 1124 904 1193; x_wconf 77' lang='lat' dir='ltr'><em>incla-</em></span> 
     </span>
     <span class='ocr_line' id='line_1_13' title="bbox 100 1213 905 1303; baseline -0.014 -13"><span class='ocrx_word' id='word_1_76' title='bbox 100 1220 290 1303; x_wconf 80' lang='lat' dir='ltr'><em>ruerunt,st</em></span> <span class='ocrx_word' id='word_1_77' title='bbox 299 1216 383 1285; x_wconf 80' lang='lat' dir='ltr'><em>nihil</em></span> <span class='ocrx_word' id='word_1_78' title='bbox 394 1215 661 1302; x_wconf 78' lang='lat' dir='ltr'><em>aliudposteritari</em></span> <span class='ocrx_word' id='word_1_79' title='bbox 666 1218 745 1297; x_wconf 85' lang='lat' dir='ltr'><em>suae</em></span> <span class='ocrx_word' id='word_1_80' title='bbox 761 1213 905 1301; x_wconf 76' lang='lat' dir='ltr'><em>reliquis·</em></span> 
     </span>
     <span class='ocr_line' id='line_1_14' title="bbox 93 1304 884 1396; baseline -0.013 -19"><span class='ocrx_word' id='word_1_81' title='bbox 93 1314 182 1396; x_wconf 87' lang='lat' dir='ltr'><em>sent,</em></span> <span class='ocrx_word' id='word_1_82' title='bbox 196 1308 320 1396; x_wconf 83' lang='lat' dir='ltr'><em>Differt.</em></span> <span class='ocrx_word' id='word_1_83' title='bbox 338 1311 404 1373; x_wconf 81' lang='lat'><em>111.</em></span> <span class='ocrx_word' id='word_1_84' title='bbox 421 1306 459 1371; x_wconf 85' lang='lat' dir='ltr'><em>de</em></span> <span class='ocrx_word' id='word_1_85' title='bbox 471 1304 562 1371; x_wconf 78' lang='lat' dir='ltr'><em>libris</em></span> <span class='ocrx_word' id='word_1_86' title='bbox 576 1304 708 1390; x_wconf 82' lang='lat' dir='ltr'><em>legendis</em></span> <span class='ocrx_word' id='word_1_87' title='bbox 721 1304 817 1389; x_wconf 83' lang='lat' dir='ltr'><em>p.·o&#39;5.</em></span> <span class='ocrx_word' id='word_1_88' title='bbox 834 1304 884 1369; x_wconf 81' lang='lat'><em>66.</em></span> 
     </span>
    </p>

    <p class='ocr_par' dir='ltr' id='par_1_4' title="bbox 56 1389 910 1570">
     <span class='ocr_line' id='line_1_15' title="bbox 56 1389 908 1483; baseline -0.012 -16"><span class='ocrx_word' id='word_1_89' title='bbox 56 1409 76 1453; x_wconf 77' lang='grc'><strong>*</strong></span> <span class='ocrx_word' id='word_1_90' title='bbox 96 1400 174 1467; x_wconf 90' lang='lat' dir='ltr'><em>Huc</em></span> <span class='ocrx_word' id='word_1_91' title='bbox 186 1396 325 1483; x_wconf 74' lang='lat' dir='ltr'><em>speeiem</em></span> <span class='ocrx_word' id='word_1_92' title='bbox 348 1414 477 1482; x_wconf 88' lang='lat' dir='ltr'><em>quoque</em></span> <span class='ocrx_word' id='word_1_93' title='bbox 497 1392 569 1459; x_wconf 86' lang='lat' dir='ltr'><em>libri</em></span> <span class='ocrx_word' id='word_1_94' title='bbox 593 1389 687 1473; x_wconf 88' lang='lat' dir='ltr'><em>editi,</em></span> <span class='ocrx_word' id='word_1_95' title='bbox 707 1411 807 1458; x_wconf 79' lang='lat' dir='ltr'><em>manu</em></span> <span class='ocrx_word' id='word_1_96' title='bbox 833 1392 908 1459; x_wconf 86' lang='lat' dir='ltr'><em>illu·</em></span> 
     </span>
     <span class='ocr_line' id='line_1_16' title="bbox 102 1478 910 1570; baseline -0.014 -15"><span class='ocrx_word' id='word_1_97' title='bbox 102 1485 214 1555; x_wconf 86' lang='lat' dir='ltr'><em>strium</em></span> <span class='ocrx_word' id='word_1_98' title='bbox 238 1488 381 1551; x_wconf 90' lang='lat' dir='ltr'><em>virorum</em></span> <span class='ocrx_word' id='word_1_99' title='bbox 401 1482 552 1570; x_wconf 86' lang='lat' dir='ltr'><em>perpoliti</em></span> <span class='ocrx_word' id='word_1_100' title='bbox 576 1482 613 1549; x_wconf 77' lang='lat' dir='ltr'><em>dc</em></span> <span class='ocrx_word' id='word_1_101' title='bbox 642 1478 779 1547; x_wconf 68' lang='lat' dir='ltr'><em>adaueii.</em></span> <span class='ocrx_word' id='word_1_102' title='bbox 823 1478 910 1548; x_wconf 85' lang='lat' dir='ltr'><em>Dili-</em></span> 
     </span>
    </p>

    <p class='ocr_par' dir='ltr' id='par_1_5' title="bbox 65 1566 910 1663">
     <span class='ocr_line' id='line_1_17' title="bbox 65 1566 910 1663; baseline -0.012 -19"><span class='ocrx_word' id='word_1_103' title='bbox 65 1624 71 1631; x_wconf 87' lang='lat'>-</span> <span class='ocrx_word' id='word_1_104' title='bbox 102 1592 215 1663; x_wconf 81' lang='lat' dir='ltr'><em>genter</em></span> <span class='ocrx_word' id='word_1_105' title='bbox 226 1572 287 1641; x_wconf 83' lang='lat' dir='ltr'><em>hos</em></span> <span class='ocrx_word' id='word_1_106' title='bbox 304 1574 489 1659; x_wconf 83' lang='lat' dir='ltr'><em>conquirere</em></span> <span class='ocrx_word' id='word_1_107' title='bbox 505 1572 592 1636; x_wconf 93' lang='lat' dir='ltr'><em>iubet</em></span> <span class='ocrx_word' id='word_1_108' title='bbox 608 1566 720 1636; x_wconf 86' lang='lat' dir='ltr'><em>harum</em></span> <span class='ocrx_word' id='word_1_109' title='bbox 734 1588 839 1635; x_wconf 84' lang='lat' dir='ltr'><em>terum</em></span> <span class='ocrx_word' id='word_1_110' title='bbox 852 1587 910 1657; x_wconf 86' lang='lat' dir='ltr'><em>pe·</em></span> 
     </span>
    </p>

    <p class='ocr_par' dir='ltr' id='par_1_6' title="bbox 68 1656 914 2281">
     <span class='ocr_line' id='line_1_18' title="bbox 68 1656 909 1743; baseline -0.005 -16"><span class='ocrx_word' id='word_1_111' title='bbox 68 1722 71 1727; x_wconf 89' lang='lat'>.</span> <span class='ocrx_word' id='word_1_112' title='bbox 102 1657 263 1731; x_wconf 85' lang='lat' dir='ltr'><em>ritiffimus</em></span> <span class='ocrx_word' id='word_1_113' title='bbox 279 1681 470 1729; x_wconf 78' lang='lat' dir='ltr'><em>nonnornts</em></span> <span class='ocrx_word' id='word_1_114' title='bbox 486 1656 629 1743; x_wconf 81' lang='lat' dir='ltr'><em>Polyhist.</em></span> <span class='ocrx_word' id='word_1_115' title='bbox 645 1658 758 1723; x_wconf 82' lang='lat' dir='ltr'><em>Litter.¹</em></span> <span class='ocrx_word' id='word_1_116' title='bbox 780 1658 850 1726; x_wconf 70' lang='lat' dir='ltr'><em>Lib.</em></span> <span class='ocrx_word' id='word_1_117' title='bbox 876 1662 909 1725; x_wconf 83' lang='lat'><em>1.</em></span> 
     </span>
     <span class='ocr_line' id='line_1_19' title="bbox 108 1742 911 1837; baseline -0.01 -18"><span class='ocrx_word' id='word_1_118' title='bbox 108 1755 184 1837; x_wconf 81' lang='lat' dir='ltr'><em>Cap.</em></span> <span class='ocrx_word' id='word_1_119' title='bbox 204 1754 281 1819; x_wconf 80' lang='lat' dir='ltr'><em>VII.</em></span> <span class='ocrx_word' id='word_1_120' title='bbox 296 1760 331 1831; x_wconf 67' lang='lat'><em>5.</em></span> <span class='ocrx_word' id='word_1_121' title='bbox 342 1770 395 1835; x_wconf 75' lang='lat'><em>55.</em></span> <span class='ocrx_word' id='word_1_122' title='bbox 407 1766 442 1834; x_wconf 87' lang='lat' dir='ltr'><em>p.</em></span> <span class='ocrx_word' id='word_1_123' title='bbox 451 1768 504 1832; x_wconf 72' lang='lat'><em>59.</em></span> <span class='ocrx_word' id='word_1_124' title='bbox 520 1742 687 1833; x_wconf 86' lang='lat' dir='ltr'><em>additque:</em></span> <span class='ocrx_word' id='word_1_125' title='bbox 708 1748 856 1831; x_wconf 84' lang='lat' dir='ltr'><em>Acsaere</em></span> <span class='ocrx_word' id='word_1_126' title='bbox 874 1747 911 1811; x_wconf 83' lang='lat' dir='ltr'><em>in</em></span> 
     </span>
     <span class='ocr_line' id='line_1_20' title="bbox 106 1833 912 1927; baseline -0.009 -21"><span class='ocrx_word' id='word_1_127' title='bbox 106 1840 213 1927; x_wconf 64' lang='lat' dir='ltr'><em>Brigio</em></span> <span class='ocrx_word' id='word_1_128' title='bbox 228 1836 287 1905; x_wconf 86' lang='lat' dir='ltr'><em>boc</em></span> <span class='ocrx_word' id='word_1_129' title='bbox 302 1836 423 1923; x_wconf 83' lang='lat' dir='ltr'><em>confilio</em></span> <span class='ocrx_word' id='word_1_130' title='bbox 439 1836 497 1921; x_wconf 77' lang='lat' dir='ltr'><em>ost,</em></span> <span class='ocrx_word' id='word_1_131' title='bbox 512 1833 619 1920; x_wconf 81' lang='lat' dir='ltr'><em>vtfibi</em></span> <span class='ocrx_word' id='word_1_132' title='bbox 632 1852 912 1920; x_wconf 75' lang='lat' dir='ltr'><em>compararemu-</em></span> 
     </span>
     <span class='ocr_line' id='line_1_21' title="bbox 107 1922 912 2015; baseline -0.005 -22"><span class='ocrx_word' id='word_1_133' title='bbox 107 1946 208 2010; x_wconf 84' lang='lat' dir='ltr'><em>toret,</em></span> <span class='ocrx_word' id='word_1_134' title='bbox 221 1946 319 1994; x_wconf 83' lang='lat' dir='ltr'><em>manu</em></span> <span class='ocrx_word' id='word_1_135' title='bbox 344 1925 493 2015; x_wconf 81' lang='lat' dir='ltr'><em>Scaligeri</em></span> <span class='ocrx_word' id='word_1_136' title='bbox 507 1939 631 1989; x_wconf 84' lang='lat' dir='ltr'><em>notatos</em></span> <span class='ocrx_word' id='word_1_137' title='bbox 638 1969 650 2005; x_wconf 88' lang='lat'><em>,</em></span> <span class='ocrx_word' id='word_1_138' title='bbox 667 1922 809 2009; x_wconf 78' lang='lat' dir='ltr'><em>equibus</em></span> <span class='ocrx_word' id='word_1_139' title='bbox 832 1922 912 1991; x_wconf 83' lang='lat' dir='ltr'><em>adeo</em></span> 
     </span>
     <span class='ocr_line' id='line_1_22' title="bbox 101 2008 911 2109; baseline -0.005 -28"><span class='ocrx_word' id='word_1_140' title='bbox 101 2019 274 2109; x_wconf 81' lang='lat' dir='ltr'><em>profecere,</em></span> <span class='ocrx_word' id='word_1_141' title='bbox 289 2030 330 2080; x_wconf 86' lang='lat' dir='ltr'><em>vt</em></span> <span class='ocrx_word' id='word_1_142' title='bbox 342 2008 579 2103; x_wconf 73' lang='lat' dir='ltr'><em>maguamstbii</em></span> <span class='ocrx_word' id='word_1_143' title='bbox 586 2010 711 2097; x_wconf 85' lang='lat' dir='ltr'><em>scriptis</em></span> <span class='ocrx_word' id='word_1_144' title='bbox 721 2009 847 2079; x_wconf 81' lang='lat' dir='ltr'><em>Ctieicir</em></span> <span class='ocrx_word' id='word_1_145' title='bbox 874 2034 911 2077; x_wconf 89' lang='lat' dir='ltr'><em>a·</em></span> 
     </span>
     <span class='ocr_line' id='line_1_23' title="bbox 108 2015 908 2189; baseline -0.01 -18"><span class='ocrx_word' id='word_1_146' title='bbox 108 2126 213 2186; x_wconf 86' lang='lat' dir='ltr'><em>mam,</em></span> <span class='ocrx_word' id='word_1_147' title='bbox 233 2102 334 2169; x_wconf 86' lang='lat' dir='ltr'><em>alieno</em></span> <span class='ocrx_word' id='word_1_148' title='bbox 358 2112 462 2169; x_wconf 72' lang='lat' dir='ltr'><em>tamen·</em></span> <span class='ocrx_word' id='word_1_149' title='bbox 486 2102 606 2189; x_wconf 86' lang='lat' dir='ltr'><em>ingenio</em></span> <span class='ocrx_word' id='word_1_150' title='bbox 621 2100 722 2187; x_wconf 86' lang='lat' dir='ltr'><em>falti,</em></span> <span class='ocrx_word' id='word_1_151' title='bbox 743 2015 908 2187; x_wconf 48' lang='lat' dir='ltr'><em>acquisie-</em></span> 
     </span>
     <span class='ocr_line' id='line_1_24' title="bbox 109 2188 914 2281; baseline -0.009 -23"><span class='ocrx_word' id='word_1_152' title='bbox 109 2191 195 2259; x_wconf 83' lang='lat' dir='ltr'><em>rint:</em></span> <span class='ocrx_word' id='word_1_153' title='bbox 215 2213 349 2277; x_wconf 85' lang='lat' dir='ltr'><em>quorum</em></span> <span class='ocrx_word' id='word_1_154' title='bbox 364 2212 417 2281; x_wconf 81' lang='lat' dir='ltr'><em>ego</em></span> <span class='ocrx_word' id='word_1_155' title='bbox 434 2192 562 2256; x_wconf 81' lang='lat' dir='ltr'><em>nomine</em></span> <span class='ocrx_word' id='word_1_156' title='bbox 577 2190 696 2259; x_wconf 69' lang='lat' dir='ltr'><em>inradia</em></span> <span class='ocrx_word' id='word_1_157' title='bbox 716 2188 867 2277; x_wconf 77' lang='lat' dir='ltr'><em>relinquo.</em></span> <span class='ocrx_word' id='word_1_158' title='bbox 911 2244 914 2251; x_wconf 93' lang='lat'><em>.</em></span> 
     </span>
    </p>
   </div>
   <div class='ocr_carea' id='block_1_3' title="bbox 409 2276 574 2379">
    <p class='ocr_par' dir='ltr' id='par_1_7' title="bbox 409 2276 574 2379">
     <span class='ocr_line' id='line_1_25' title="bbox 409 2276 574 2379; baseline -0.042 -20"><span class='ocrx_word' id='word_1_159' title='bbox 409 2278 443 2379; x_wconf 81' lang='lat'><em>§-</em></span> <span class='ocrx_word' id='word_1_160' title='bbox 467 2276 574 2358; x_wconf 80' lang='lat' dir='ltr'><em>vul.</em></span> 
     </span>
    </p>
   </div>
   <div class='ocr_carea' id='block_1_4' title="bbox 9 2375 1034 3355">
    <p class='ocr_par' dir='ltr' id='par_1_8' title="bbox 63 2375 921 3000">
     <span class='ocr_line' id='line_1_26' title="bbox 109 2375 915 2465; baseline 0 -18"><span class='ocrx_word' id='word_1_161' title='bbox 109 2380 154 2448; x_wconf 84' lang='lat' dir='ltr'><em>At</em></span> <span class='ocrx_word' id='word_1_162' title='bbox 168 2378 294 2449; x_wconf 79' lang='lat' dir='ltr'><em>Hetoes</em></span> <span class='ocrx_word' id='word_1_163' title='bbox 311 2378 360 2450; x_wconf 86' lang='lat' dir='ltr'><em>isti</em></span> <span class='ocrx_word' id='word_1_164' title='bbox 375 2380 567 2459; x_wconf 81' lang='lat' dir='ltr'><em>litterarum,</em></span> <span class='ocrx_word' id='word_1_165' title='bbox 588 2375 644 2443; x_wconf 85' lang='lat' dir='ltr'><em>illa</em></span> <span class='ocrx_word' id='word_1_166' title='bbox 667 2378 859 2465; x_wconf 80' lang='lat' dir='ltr'><em>reipublieoe</em></span> <span class='ocrx_word' id='word_1_167' title='bbox 882 2398 915 2447; x_wconf 88' lang='lat' dir='ltr'><em>e·</em></span> 
     </span>
     <span class='ocr_line' id='line_1_27' title="bbox 64 2464 915 2539; baseline -0.005 -2"><span class='ocrx_word' id='word_1_168' title='bbox 64 2467 188 2537; x_wconf 83' lang='lat' dir='ltr'><em>ruditae</em></span> <span class='ocrx_word' id='word_1_169' title='bbox 202 2466 343 2535; x_wconf 81' lang='lat' dir='ltr'><em>monstra</em></span> <span class='ocrx_word' id='word_1_170' title='bbox 360 2470 396 2539; x_wconf 76' lang='lat' dir='ltr'><em>dc</em></span> <span class='ocrx_word' id='word_1_171' title='bbox 411 2468 540 2535; x_wconf 85' lang='lat' dir='ltr'><em>oracula</em></span> <span class='ocrx_word' id='word_1_172' title='bbox 556 2483 697 2533; x_wconf 86' lang='lat' dir='ltr'><em>mentem</em></span> <span class='ocrx_word' id='word_1_173' title='bbox 713 2464 915 2537; x_wconf 73' lang='lat' dir='ltr'><em>numadhuc</em></span> 
     </span>
     <span class='ocr_line' id='line_1_28' title="bbox 63 2552 917 2713; baseline -0.001 -89"><span class='ocrx_word' id='word_1_174' title='bbox 63 2556 251 2713; x_wconf 58' lang='lat' dir='ltr'><em>Kerceilunt.</em></span> <span class='ocrx_word' id='word_1_175' title='bbox 272 2562 292 2600; x_wconf 73' lang='lat'><em>⁴¹</em></span> <span class='ocrx_word' id='word_1_176' title='bbox 335 2554 496 2645; x_wconf 79' lang='lat' dir='ltr'><em>Qricquid</em></span> <span class='ocrx_word' id='word_1_177' title='bbox 511 2552 583 2642; x_wconf 74' lang='lat' dir='ltr'><em>ipsis</em></span> <span class='ocrx_word' id='word_1_178' title='bbox 603 2574 641 2621; x_wconf 87' lang='lat' dir='ltr'><em>ex</em></span> <span class='ocrx_word' id='word_1_179' title='bbox 662 2560 835 2623; x_wconf 85' lang='lat' dir='ltr'><em>momentis</em></span> <span class='ocrx_word' id='word_1_180' title='bbox 859 2552 917 2623; x_wconf 88' lang='lat' dir='ltr'><em>ad·</em></span> 
     </span>
     <span class='ocr_line' id='line_1_29' title="bbox 88 2644 917 2733; baseline -0.002 -20"><span class='ocrx_word' id='word_1_181' title='bbox 88 2669 128 2715; x_wconf 89' lang='lat' dir='ltr'><em>uc</em></span> <span class='ocrx_word' id='word_1_182' title='bbox 146 2646 403 2714; x_wconf 83' lang='lat' dir='ltr'><em>commemoratis</em></span> <span class='ocrx_word' id='word_1_183' title='bbox 420 2645 646 2733; x_wconf 84' lang='lat' dir='ltr'><em>applicaueris‚</em></span> <span class='ocrx_word' id='word_1_184' title='bbox 662 2644 782 2731; x_wconf 85' lang='lat' dir='ltr'><em>semper</em></span> <span class='ocrx_word' id='word_1_185' title='bbox 795 2662 917 2730; x_wconf 80' lang='lat' dir='ltr'><em>tamen,</em></span> 
     </span>
     <span class='ocr_line' id='line_1_30' title="bbox 65 2724 919 2821; baseline -0.002 -18"><span class='ocrx_word' id='word_1_186' title='bbox 65 2755 149 2821; x_wconf 80' lang='lat' dir='ltr'><em>quae</em></span> <span class='ocrx_word' id='word_1_187' title='bbox 170 2749 261 2803; x_wconf 90' lang='lat' dir='ltr'><em>tuum</em></span> <span class='ocrx_word' id='word_1_188' title='bbox 283 2732 428 2820; x_wconf 85' lang='lat' dir='ltr'><em>superant</em></span> <span class='ocrx_word' id='word_1_189' title='bbox 449 2752 594 2821; x_wconf 84' lang='lat' dir='ltr'><em>captum,</em></span> <span class='ocrx_word' id='word_1_190' title='bbox 615 2728 782 2820; x_wconf 87' lang='lat' dir='ltr'><em>supersunt.</em></span> <span class='ocrx_word' id='word_1_191' title='bbox 794 2752 809 2797; x_wconf 88' lang='grc'><em>.·</em></span> <span class='ocrx_word' id='word_1_192' title='bbox 826 2724 919 2803; x_wconf 79' lang='lat' dir='ltr'><em>Hinc</em></span> 
     </span>
     <span class='ocr_line' id='line_1_31' title="bbox 66 2816 917 2909; baseline -0.001 -19"><span class='ocrx_word' id='word_1_193' title='bbox 66 2828 177 2909; x_wconf 81' lang='lat' dir='ltr'><em>itaque</em></span> <span class='ocrx_word' id='word_1_194' title='bbox 191 2840 227 2890; x_wconf 89' lang='lat' dir='ltr'><em>vt</em></span> <span class='ocrx_word' id='word_1_195' title='bbox 241 2840 274 2891; x_wconf 88' lang='lat' dir='ltr'><em>te</em></span> <span class='ocrx_word' id='word_1_196' title='bbox 290 2818 455 2907; x_wconf 77' lang='lat' dir='ltr'><em>expedias,</em></span> <span class='ocrx_word' id='word_1_197' title='bbox 474 2842 545 2891; x_wconf 91' lang='lat' dir='ltr'><em>non</em></span> <span class='ocrx_word' id='word_1_198' title='bbox 562 2840 653 2909; x_wconf 87' lang='lat' dir='ltr'><em>potes</em></span> <span class='ocrx_word' id='word_1_199' title='bbox 674 2843 746 2889; x_wconf 91' lang='lat' dir='ltr'><em>non</em></span> <span class='ocrx_word' id='word_1_200' title='bbox 761 2816 917 2889; x_wconf 86' lang='lat' dir='ltr'><em>&#39;diuinum</em></span> 
     </span>
     <span class='ocr_line' id='line_1_32' title="bbox 66 2894 921 3000; baseline -0.001 -22"><span class='ocrx_word' id='word_1_201' title='bbox 66 2908 146 3000; x_wconf 89' lang='lat' dir='ltr'><em>quid</em></span> <span class='ocrx_word' id='word_1_202' title='bbox 174 2909 245 2978; x_wconf 92' lang='lat' dir='ltr'><em>heic</em></span> <span class='ocrx_word' id='word_1_203' title='bbox 265 2912 437 2997; x_wconf 86' lang='lat' dir='ltr'><em>suspicari,</em></span> <span class='ocrx_word' id='word_1_204' title='bbox 472 2914 507 2980; x_wconf 81' lang='lat' dir='ltr'><em>dr</em></span> <span class='ocrx_word' id='word_1_205' title='bbox 531 2927 699 2999; x_wconf 79' lang='lat' dir='ltr'><em>eapropter</em></span> <span class='ocrx_word' id='word_1_206' title='bbox 723 2894 921 2980; x_wconf 77' lang='lat' dir='ltr'><em>effusrd&#39;mroe</em></span> 
     </span>
    </p>

    <p class='ocr_par' dir='ltr' id='par_1_9' title="bbox 9 2996 1034 3355">
     <span class='ocr_line' id='line_1_33' title="bbox 9 2996 920 3087; baseline -0.001 -19"><span class='ocrx_word' id='word_1_207' title='bbox 9 3026 12 3033; x_wconf 95' lang='lat'>·</span> <span class='ocrx_word' id='word_1_208' title='bbox 68 2999 212 3068; x_wconf 84' lang='lat' dir='ltr'><em>honores</em></span> <span class='ocrx_word' id='word_1_209' title='bbox 232 2996 695 3087; x_wconf 81' lang='lat' dir='ltr'><em>deuotumque&#39;obsetuantiam</em></span> <span class='ocrx_word' id='word_1_210' title='bbox 708 2999 834 3067; x_wconf 76' lang='lat' dir='ltr'><em>fridunis</em></span> <span class='ocrx_word' id='word_1_211' title='bbox 856 3000 920 3067; x_wconf 85' lang='lat' dir='ltr'><em>illis</em></span> 
     </span>
     <span class='ocr_line' id='line_1_34' title="bbox 68 3080 921 3160; baseline -0.001 -4"><span class='ocrx_word' id='word_1_212' title='bbox 68 3090 146 3160; x_wconf 79' lang='lat' dir='ltr'><em>viris</em></span> <span class='ocrx_word' id='word_1_213' title='bbox 169 3086 347 3157; x_wconf 85' lang='lat' dir='ltr'><em>decernere.</em></span> <span class='ocrx_word' id='word_1_214' title='bbox 390 3090 563 3155; x_wconf 87' lang='lat' dir='ltr'><em>Enimvero</em></span> <span class='ocrx_word' id='word_1_215' title='bbox 584 3086 648 3155; x_wconf 91' lang='lat' dir='ltr'><em>huc</em></span> <span class='ocrx_word' id='word_1_216' title='bbox 668 3086 815 3156; x_wconf 88' lang='lat' dir='ltr'><em>nondum</em></span> <span class='ocrx_word' id='word_1_217' title='bbox 834 3080 921 3159; x_wconf 86' lang='lat' dir='ltr'><em>d&#39;ela·</em></span> 
     </span>
     <span class='ocr_line' id='line_1_35' title="bbox 70 3172 921 3265; baseline 0.006 -23"><span class='ocrx_word' id='word_1_218' title='bbox 70 3174 213 3244; x_wconf 86' lang='lat' dir='ltr'><em>bendum</em></span> <span class='ocrx_word' id='word_1_219' title='bbox 232 3172 286 3243; x_wconf 90' lang='lat' dir='ltr'><em>est.</em></span> <span class='ocrx_word' id='word_1_220' title='bbox 330 3180 446 3265; x_wconf 88' lang='lat' dir='ltr'><em>Neque</em></span> <span class='ocrx_word' id='word_1_221' title='bbox 470 3179 558 3247; x_wconf 89' lang='lat' dir='ltr'><em>enim</em></span> <span class='ocrx_word' id='word_1_222' title='bbox 577 3176 794 3245; x_wconf 78' lang='lat' dir='ltr'><em>consumnnta</em></span> <span class='ocrx_word' id='word_1_223' title='bbox 815 3200 921 3247; x_wconf 89' lang='lat' dir='ltr'><em>rerum</em></span> 
     </span>
     <span class='ocr_line' id='line_1_36' title="bbox 70 3262 1034 3355; baseline -0.003 -25"><span class='ocrx_word' id='word_1_224' title='bbox 70 3266 189 3331; x_wconf 84' lang='lat' dir='ltr'><em>notitia</em></span> <span class='ocrx_word' id='word_1_225' title='bbox 201 3262 273 3352; x_wconf 78' lang='lat' dir='ltr'><em>ipsis</em></span> <span class='ocrx_word' id='word_1_226' title='bbox 286 3262 519 3350; x_wconf 79' lang='lat' dir='ltr'><em>tribuenda‚**</em></span> <span class='ocrx_word' id='word_1_227' title='bbox 539 3286 642 3355; x_wconf 89' lang='lat' dir='ltr'><em>neque</em></span> <span class='ocrx_word' id='word_1_228' title='bbox 656 3264 932 3353; x_wconf 50' lang='lat' dir='ltr'><em>supremummu-</em></span> <span class='ocrx_word' id='word_1_229' title='bbox 967 3276 973 3283; x_wconf 82' lang='grc'><em>·</em></span> <span class='ocrx_word' id='word_1_230' title='bbox 1007 3305 1011 3314; x_wconf 88' lang='grc'><strong>-</strong></span> <span class='ocrx_word' id='word_1_231' title='bbox 1031 3321 1034 3328; x_wconf 90' lang='grc'><em>.</em></span> 
     </span>
    </p>
   </div>
   <div class='ocr_carea' id='block_1_5' title="bbox 66 3350 1026 3497">
    <p class='ocr_par' dir='ltr' id='par_1_10' title="bbox 66 3350 1026 3497">
     <span class='ocr_line' id='line_1_37' title="bbox 66 3350 1026 3497; baseline 0.046 -77"><span class='ocrx_word' id='word_1_232' title='bbox 66 3374 160 3434; x_wconf 71' lang='lat' dir='ltr'><em>men,</em></span> <span class='ocrx_word' id='word_1_233' title='bbox 188 3350 278 3441; x_wconf 88' lang='lat' dir='ltr'><em>quod</em></span> <span class='ocrx_word' id='word_1_234' title='bbox 299 3352 470 3431; x_wconf 72' lang='lat' dir='ltr'><em>inusitatae</em></span> <span class='ocrx_word' id='word_1_235' title='bbox 494 3358 721 3450; x_wconf 40' lang='lat' dir='ltr'><em>ingentem&amp;</em></span> <span class='ocrx_word' id='word_1_236' title='bbox 744 3356 790 3427; x_wconf 41' lang='grc' dir='ltr'>Ὦ</span> <span class='ocrx_word' id='word_1_237' title='bbox 810 3352 996 3497; x_wconf 35' lang='lat' dir='ltr'><em>*du-³303</em></span> <span class='ocrx_word' id='word_1_238' title='bbox 1020 3456 1026 3469; x_wconf 86' lang='lat'>.</span> 
     </span>
    </p>
   </div>
   <div class='ocr_carea' id='block_1_6' title="bbox 0 0 1065 3630">
    <p class='ocr_par' dir='ltr' id='par_1_11' title="bbox 0 0 1065 3630">
     <span class='ocr_line' id='line_1_38' title="bbox 0 0 1065 3630; baseline 0 0"><span class='ocrx_word' id='word_1_239' title='bbox 0 0 1065 3630; x_wconf 95' lang='lat' dir='ltr'><em> </em></span> 
     </span>
    </p>
   </div>
  </div>
 </body>
</html>
